

@inproceedings{KlintSV09,
  title = {Rascal: A domain-specific language for source code analysis and manipulation},
  author = {Paul Klint and Tijs van der Storm and Jurgen Vinju},
  year = {2009},
  pages = {168--177},
  booktitle = {SCAM},
}

@article{GLLPTGEN,
title = {{GLL} parse-tree generation},
journal = "Science of Computer Programming ",
volume = "78",
number = "10",
pages = {1828--1844},
year = "2013",
author = "Elizabeth Scott and Adrian Johnstone"
}

@inproceedings{CharlesFSDV09,
  author    = {Philippe Charles and
               Robert M. Fuhrer and
               Stanley M. Sutton Jr. and
               Evelyn Duesterwald and
               Jurgen J. Vinju},
  title     = {Accelerating the creation of customized, language-specific
               {IDEs} in {Eclipse}},
  booktitle = {OOPSLA},
  year      = {2009},
  pages     = {191--206},
  publisher = {ACM}
}

@Misc{ReferenceImpl,
  author =    {Meinte Boersma and Angelo Hulshout},
  title =     {Language Workbench Challenge 2014: Reference Implementation},
  howpublished = {Online},
  month =     {November},
  year =      {2013},
  note =      {\url{https://github.com/dslmeinte/LWC2014}}
}


@Misc{Demoqles,
  author =    {Tijs van der Storm},
  title =     {Demoqles: {QL} and {QLS} in Rascal},
  howpublished = {Online},
  month =     {July},
  year =      {2013},
  note =      {\url{https://github.com/cwi-swat/demoqles}}
}

@Misc{QLRKemi,
  author =    {Keven van der Vlist and Jimi van der Woning and Tijs van der Storm},
  title =     {{QL-R-Kemi}: {QL} and {QLS} in Rascal},
  howpublished = {Online},
  month =     {June},
  year =      {2013},
  note =      {\url{https://github.com/cwi-swat/QL-R-Kemi}}
}


